
@book{Knuth68:art_of_programming,
  author    = {Donald E. Knuth},
  title     = {The Art of Computer Programming, Volume {I}: Fundamental Algorithms},
  year      = {1968},
  publisher = {Addison-Wesley}
}

@inproceedings{martin1994,  
  title     = {OO Design Quality Metrics - An Analysis of Dependencies},
  author    = {Martin, Robert},
  booktitle = {Proceedings of the Workshop on Pragmatic and Theoretical Directions in Object-Oriented Software Metrics, OOPSLA'94},
  year      = {1994}
}

@article{ck1994,
  title     = {A Metrics Suite for Object Oriented Design},
  author    = {Chidamber, Shyam R and Kemerer, Chris F},
  journal   = {IEEE Transactions on Software Engineering},
  volume    = {20},
  number    = {6},
  pages     = {476--493},
  year      = {1994}
}


@inproceedings{tang1999,
  title={An empirical study on object-oriented metrics},
  author={Tang, Mei-Huei and Kao, Ming-Hung and Chen, Mei-Hwa},
  booktitle={Proceedings sixth international software metrics symposium (Cat. No. PR00403)},
  pages={242--249},
  year={1999},
  organization={IEEE}
}


@inproceedings{hassan2009,
  title={Predicting faults using the complexity of code changes},
  author={Hassan, Ahmed E},
  booktitle={Proceedings of the 31st International Conference on Software Engineering},
  pages={78--88},
  year={2009},
  organization={IEEE Computer Society}
}


@article{mockus2000metrics,
  title={Predicting risk of software changes},
  author={Mockus, Audris and Weiss, David M},
  journal={Bell Labs Technical Journal},
  volume={5},
  number={2},
  pages={169--180},
  year={2000},
  publisher={Wiley Online Library}
}



@article{lessmann2008bench,
  title={Benchmarking classification models for software defect prediction: A proposed framework and novel findings},
  author={Lessmann, Stefan and Baesens, Bart and Mues, Christophe and Pietsch, Swantje},
  journal={IEEE Transactions on Software Engineering},
  volume={34},
  number={4},
  pages={485--496},
  year={2008},
  publisher={IEEE}
}

@article{menzies2010,
  title={Defect prediction from static code features: current results, limitations, new approaches},
  author={Menzies, Tim and Milton, Zach and Turhan, Burak and Cukic, Bojan and Jiang, Yue and Bener, Ay{\c{s}}e},
  journal={Automated Software Engineering},
  volume={17},
  number={4},
  pages={375--407},
  year={2010},
  publisher={Springer}
}



@article{turhan2012,
  title={On the dataset shift problem in software engineering prediction models},
  author={Turhan, Burak},
  journal={Empirical Software Engineering},
  volume={17},
  number={1-2},
  pages={62--74},
  year={2012},
  publisher={Springer}
}

@ARTICLE{rakha2018, 
	author={M. S. {Rakha} and C. {Bezemer} and A. E. {Hassan}}, 
	journal={IEEE Transactions on Software Engineering}, 
	title={Revisiting the Performance Evaluation of Automated Approaches for the Retrieval of Duplicate Issue Reports}, 
	year={2018}, 
	volume={44}, 
	number={12}, 
	pages={1245-1268}, 
	keywords={Text analysis;Computer bugs;Frequency measurement;Performance evaluation;Manuals;Ports (Computers);Text analysis;software engineering;performance evaluation}, 
	doi={10.1109/TSE.2017.2755005}, 
	ISSN={0098-5589}, 
	month={12},
}
	
	

@article{hindle2019query,
  title={Preventing duplicate bug reports by continuously querying bug reports},
  author={Hindle, Abram and Onuczko, Curtis},
  journal={Empirical Software Engineering},
  volume={24},
  number={2},
  pages={902--936},
  year={2019},
  publisher={Springer}
}



@inproceedings{tan2015online,
  title={Online defect prediction for imbalanced data},
  author={Tan, Ming and Tan, Lin and Dara, Sashank and Mayeux, Caleb},
  booktitle={2015 IEEE/ACM 37th IEEE International Conference on Software Engineering},
  volume={2},
  pages={99--108},
  year={2015},
  organization={IEEE}
}



@inproceedings{huang2017supervised,
	title={Supervised vs unsupervised models: A holistic look at effort-aware just-in-time defect prediction},
	author={Huang, Qiao and Xia, Xin and Lo, David},
	booktitle={2017 IEEE International Conference on Software Maintenance and Evolution (ICSME)},
	pages={159--170},
	year={2017},
	organization={IEEE}
}


@inproceedings{EMSE6effortaware,
  title={Effort-aware just-in-time defect prediction: simple unsupervised models could be better than supervised models},
  author={Yang, Yibiao and Zhou, Yuming and Liu, Jinping and Zhao, Yangyang and Lu, Hongmin and Xu, Lei and Xu, Baowen and Leung, Hareton},
  booktitle={Proceedings of the 2016 24th ACM SIGSOFT International Symposium on Foundations of Software Engineering},
  pages={157--168},
  year={2016},
  organization={ACM}
}



@article{kamei2016studying,
	title={Studying just-in-time defect prediction using cross-project models},
	author={Kamei, Yasutaka and Fukushima, Takafumi and McIntosh, Shane and Yamashita, Kazuhiro and Ubayashi, Naoyasu and Hassan, Ahmed E},
	journal={Empirical Software Engineering},
	volume={21},
	number={5},
	pages={2072--2106},
	year={2016},
	publisher={Springer}
}

@article{kamei2012large,
	title={A large-scale empirical study of just-in-time quality assurance},
	author={Kamei, Yasutaka and Shihab, Emad and Adams, Bram and Hassan, Ahmed E and Mockus, Audris and Sinha, Anand and Ubayashi, Naoyasu},
	journal={IEEE Transactions on Software Engineering},
	volume={39},
	number={6},
	pages={757--773},
	year={2012},
	publisher={IEEE}
}

@inproceedings{yang2015deep,
	title={Deep learning for just-in-time defect prediction},
	author={Yang, Xinli and Lo, David and Xia, Xin and Zhang, Yun and Sun, Jianling},
	booktitle={2015 IEEE International Conference on Software Quality, Reliability and Security},
	pages={17--26},
	year={2015},
	organization={IEEE}
}




@article{basili1996,
  title={A validation of object-oriented design metrics as quality indicators},
  author={Basili, Victor R and Briand, Lionel C. and Melo, Walc{\'e}lio L},
  journal={IEEE Transactions on software engineering},
  volume={22},
  number={10},
  pages={751--761},
  year={1996},
  publisher={IEEE}
}


@inproceedings{zimmermann2007,
  title={Predicting defects for eclipse},
  author={Zimmermann, Thomas and Premraj, Rahul and Zeller, Andreas},
  booktitle={Third International Workshop on Predictor Models in Software Engineering (PROMISE'07: ICSE Workshops 2007)},
  pages={9--9},
  year={2007},
  organization={IEEE}
}


@inproceedings{prem2013,
	title={How, and why, process metrics are better},
	author={Rahman, Foyzur and Devanbu, Premkumar},
	booktitle={2013 35th International Conference on Software Engineering (ICSE)},
	pages={432--441},
	year={2013},
	organization={IEEE}
}

@inproceedings{nagappan2005,
  title={Use of relative code churn measures to predict system defect density},
  author={Nagappan, Nachiappan and Ball, Thomas},
  booktitle={Proceedings of the 27th international conference on Software engineering},
  pages={284--292},
  year={2005},
  organization={ACM}
}



@article{turhan2009relative,
  title={On the relative value of cross-company and within-company data for defect prediction},
  author={Turhan, Burak and Menzies, Tim and Bener, Ay{\c{s}}e B and Di Stefano, Justin},
  journal={Empirical Software Engineering},
  volume={14},
  number={5},
  pages={540--578},
  year={2009},
  publisher={Springer}
}

@inproceedings{zimmermann2009cross,
  title={Cross-project defect prediction: a large scale experiment on data vs. domain vs. process},
  author={Zimmermann, Thomas and Nagappan, Nachiappan and Gall, Harald and Giger, Emanuel and Murphy, Brendan},
  booktitle={Proceedings of the the 7th joint meeting of the European software engineering conference and the ACM SIGSOFT symposium on The foundations of software engineering},
  pages={91--100},
  year={2009},
  organization={ACM}
}

@inproceedings{menzies2013better,
  title={Better cross company defect prediction},
  author={Peters, Fayola and Menzies, Tim and Marcus, Andrian},
  booktitle={Proceedings of the 10th Working Conference on Mining Software Repositories},
  pages={409--418},
  year={2013},
  organization={IEEE Press}
}



@article{Ambros2012,
  title={Evaluating defect prediction approaches: a benchmark and an extensive comparison},
  author={D'Ambros, Marco and Lanza, Michele and Robbes, Romain},
  journal={Empirical Software Engineering},
  volume={17},
  number={4-5},
  pages={531--577},
  year={2012},
  publisher={Springer}
}
@inproceedings{nam2013transfer,
  title={Transfer defect learning},
  author={Nam, Jaechang and Pan, Sinno Jialin and Kim, Sunghun},
  booktitle={2013 35th International Conference on Software Engineering (ICSE)},
  pages={382--391},
  year={2013},
  organization={IEEE}
}



@ARTICLE{Herbold,
	author={S. {Herbold} and A. {Trautsch} and J. {Grabowski}},
	journal={IEEE Transactions on Software Engineering},
	title={A Comparative Study to Benchmark Cross-Project Defect Prediction Approaches},
	year={2018},
	volume={44},
	number={9},
	pages={811-833},
	keywords={project management;quality assurance;software metrics;software quality;benchmark cross-Project Defect Prediction approaches;CPDP;quality assurance;software projects;software products;data standardization;performance metrics;data sets;Benchmark testing;Prediction methods;Software;Quality assurance;Measurement;Correlation;Cross-project defect prediction;benchmark;comparison;replication},
	doi={10.1109/TSE.2017.2724538},
	ISSN={0098-5589},
	month={9},
}


@inproceedings{zhang2014,
  title={Towards building a universal defect prediction model},
  author={Zhang, Feng and Mockus, Audris and Keivanloo, Iman and Zou, Ying},
  booktitle={Proceedings of the 11th Working Conference on Mining Software Repositories},
  pages={182--191},
  year={2014},
  organization={ACM}
}


@article{herbold2017mapping,
  title={A systematic mapping study on cross-project defect prediction},
  author={Herbold, Steffen},
  journal={arXiv preprint arXiv:1705.06429},
  year={2017}
}



@inproceedings{Jureckzo,
	author = {Jureczko, Marian and Madeyski, Lech},
	title = {Towards Identifying Software Project Clusters with Regard to Defect Prediction},
	booktitle = {Proceedings of the 6th International Conference on Predictive Models in Software Engineering},
	series = {PROMISE '10},
	year = {2010},
	isbn = {978-1-4503-0404-7},
	location = {Timi\şoara, Romania},
	pages = {9:1--9:10},
	articleno = {9},
	numpages = {10},
	url = {http://doi.acm.org/10.1145/1868328.1868342},
	doi = {10.1145/1868328.1868342},
	acmid = {1868342},
	publisher = {ACM},
	address = {New York, NY, USA},
	keywords = {clustering, defect prediction, design metrics, size metrics},
} 




@inproceedings{ekanayake2012,
	title={Time variance and defect prediction in software projects},
	author={Ekanayake, Jayalath and Tappolet, Jonas and Gall, Harald C and Bernstein, Abraham},
	journal={Empirical Software Engineering},
	volume={17},
	number={4-5},
	pages={348--389},
	year={2012},
	publisher={Springer}
}


@inproceedings{ekanayake2009,
	title={Tracking concept drift of software projects using defect prediction quality},
	author={Ekanayake, Jayalath and Tappolet, Jonas and Gall, Harald C and Bernstein, Abraham},
	booktitle={2009 6th IEEE International Working Conference on Mining Software Repositories},
	pages={51--60},
	year={2009},
	organization={IEEE}
}

@inproceedings{menzies2011local,
  title={Local vs. global models for effort estimation and defect prediction},
  author={Menzies, Tim and Butcher, Andrew and Marcus, Andrian and Zimmermann, Thomas and Cok, David},
  booktitle={2011 26th IEEE/ACM International Conference on Automated Software Engineering (ASE 2011)},
  pages={343--351},
  year={2011},
  organization={IEEE}
}



@article{mcintosh2017fix,
  title={Are fix-inducing changes a moving target? a longitudinal case study of just-in-time defect prediction},
  author={McIntosh, Shane and Kamei, Yasutaka},
  journal={IEEE Transactions on Software Engineering},
  volume={44},
  number={5},
  pages={412--428},
  year={2017},
  publisher={IEEE}
}


@article{Chakkrit2018,
  title={The impact of automated parameter optimization on defect prediction models},
  author={Tantithamthavorn, Chakkrit and McIntosh, Shane and Hassan, Ahmed E and Matsumoto, Kenichi},
  journal={IEEE Transactions on Software Engineering},
  year={2018},
  publisher={IEEE}
}

@article{chakkrit2017modelValidation,
  title={An empirical comparison of model validation techniques for defect prediction models},
  author={Tantithamthavorn, Chakkrit and McIntosh, Shane and Hassan, Ahmed E and Matsumoto, Kenichi},
  journal={IEEE Transactions on Software Engineering},
  volume={43},
  number={1},
  pages={1--18},
  year={2017},
  publisher={IEEE}
}


@inproceedings{chakkrit2015mislabel,
  title={The impact of mislabelling on the performance and interpretation of defect prediction models},
  author={Tantithamthavorn, Chakkrit and McIntosh, Shane and Hassan, Ahmed E and Ihara, Akinori and Matsumoto, Kenichi},
  booktitle={2015 IEEE/ACM 37th IEEE International Conference on Software Engineering},
  volume={1},
  pages={812--823},
  year={2015},
  organization={IEEE}
}


@article{EMSE5bellwethers,
  title={Bellwethers: A baseline method for transfer learning},
  author={Krishna, Rahul and Menzies, Tim},
  journal={IEEE Transactions on Software Engineering},
  year={2018},
  publisher={IEEE}
}




@inproceedings{ZimmermanSlidingwindow,
  title={When do changes induce fixes?},
  author={{\'S}liwerski, Jacek and Zimmermann, Thomas and Zeller, Andreas},
  booktitle={ACM sigsoft software engineering notes},
  volume={30},
  pages={1--5},
  year={2005},
  organization={ACM}
}


@inproceedings{jimenez2019,
  title={The importance of accounting for real-world labelling when predicting software vulnerabilities},
  author={Jimenez, Matthieu and Rwemalika, Renaud and Papadakis, Mike and Sarro, Federica and Le Traon, Yves and Harman, Mark},
  booktitle={Joint European Software Engineering Conference and Symposium on the Foundations of Software Engineering (ESEC/FSE)},
  year={2019}
}

@inproceedings{extraction2005,
  title={When do changes induce fixes?},
  author={{\'S}liwerski, Jacek and Zimmermann, Thomas and Zeller, Andreas},
  booktitle={ACM sigsoft software engineering notes},
  volume={30},
  pages={1--5},
  year={2005},
  organization={ACM}
}


@inproceedings{extraction2003,
  title={Populating a release history database from version control and bug tracking systems},
  author={Fischer, Michael and Pinzger, Martin and Gall, Harald},
  booktitle={International Conference on Software Maintenance, 2003. ICSM 2003. Proceedings.},
  pages={23--32},
  year={2003},
  organization={IEEE}
}

@inproceedings{extraction2007,
  title={Predicting subsystem failures using dependency graph complexities},
  author={Zimmermann, Thomas and Nagappan, Nachiappan},
  booktitle={The 18th IEEE International Symposium on Software Reliability (ISSRE'07)},
  pages={227--236},
  year={2007},
  organization={IEEE}
}


@inproceedings{crosspare2015,
  title={Crosspare: a tool for benchmarking cross-project defect predictions},
  author={Herbold, Steffen},
  booktitle={2015 30th IEEE/ACM International Conference on Automated Software Engineering Workshop (ASEW)},
  pages={90--96},
  year={2015},
  organization={IEEE}
}


@misc{herbold2017repKit,
  title={sherbold/replication-kit-tse-2017-benchmark: Release of the replication kit},
  author={Herbold, S},
  year={2017},
  publisher={May}
}


@inproceedings{Nam15,
	author = {Nam, Jaechang and Kim, Sunghun},
	title = {CLAMI: Defect Prediction on Unlabeled Datasets (T)},
	booktitle = {Proceedings of the 2015 30th IEEE/ACM International Conference on Automated Software Engineering (ASE)},
	series = {ASE '15},
	year = {2015},
	isbn = {978-1-5090-0025-8},
	pages = {452--463},
	numpages = {12},
	url = {https://doi.org/10.1109/ASE.2015.56},
	doi = {10.1109/ASE.2015.56},
	acmid = {2916162},
	publisher = {IEEE Computer Society},
	address = {Washington, DC, USA},
} 



@INPROCEEDINGS{CamargoCruz09,
	author={A. E. C. {Cruz} and K. {Ochimizu}},
	booktitle={2009 3rd International Symposium on Empirical Software Engineering and Measurement},
	title={Towards logistic regression models for predicting fault-prone code across software projects},
	year={2009},
	volume={},
	number={},
	pages={460-463},
	keywords={object-oriented programming;project management;regression analysis;software fault tolerance;software metrics;logistic regression model;fault-prone object-oriented class code prediction model;software project;design-complexity metric measure;log transformation;LR model;Logistics;Predictive models;Object oriented modeling;Open source software;Software measurement;Software engineering;Usability;Information science;Buildings;Testing},
	doi={10.1109/ESEM.2009.5316002},
	ISSN={1949-3770},
	month={10},}

@article{Ma12,
	author = {Ma, Ying and Luo, Guangchun and Zeng, Xue and Chen, Aiguo},
	title = {Transfer Learning for Cross-company Software Defect Prediction},
	journal = {Inf. Softw. Technol.},
	issue_date = {March, 2012},
	volume = {54},
	number = {3},
	month = 3,
	year = {2012},
	issn = {0950-5849},
	pages = {248--256},
	numpages = {9},
	url = {http://dx.doi.org/10.1016/j.infsof.2011.09.007},
	doi = {10.1016/j.infsof.2011.09.007},
	acmid = {2088604},
	publisher = {Butterworth-Heinemann},
	address = {Newton, MA, USA},
	keywords = {Different distribution, Machine learning, Naive Bayes, Software defect prediction, Transfer learning},
} 


@INPROCEEDINGS{Amasaki15,
	author={S. {Amasaki} and K. {Kawata} and T. {Yokogawa}},
	booktitle={2015 41st Euromicro Conference on Software Engineering and Advanced Applications},
	title={Improving Cross-Project Defect Prediction Methods with Data Simplification},
	year={2015},
	volume={},
	number={},
	pages={96-103},
	keywords={learning (artificial intelligence);program debugging;project management;software cost estimation;cross-project defect prediction methods;CPDP methods;data simplification;predictive performance;active learning method;software effort estimation;OSS projects;prediction models;Burak-filter;cross-project selection;cross-project data size reduction;Predictive models;Measurement;Logistics;Learning systems;Support vector machines;Data models;Software;cross-project defect prediction;data simplification},
	doi={10.1109/SEAA.2015.25},
	ISSN={1089-6503},
	month={8},}
	


@inproceedings{Watanabe08,
	author = {Watanabe, Shinya and Kaiya, Haruhiko and Kaijiri, Kenji},
	title = {Adapting a Fault Prediction Model to Allow Inter Languagereuse},
	booktitle = {Proceedings of the 4th International Workshop on Predictor Models in Software Engineering},
	series = {PROMISE '08},
	year = {2008},
	isbn = {978-1-60558-036-4},
	location = {Leipzig, Germany},
	pages = {19--24},
	numpages = {6},
	url = {http://doi.acm.org/10.1145/1370788.1370794},
	doi = {10.1145/1370788.1370794},
	acmid = {1370794},
	publisher = {ACM},
	address = {New York, NY, USA},
	keywords = {error prone, inter language prediction, metrics, open source},
} 


@book{weka,
  title={Data Mining: Practical machine learning tools and techniques},
  author={Witten, Ian H and Frank, Eibe and Hall, Mark A and Pal, Christopher J},
  year={2016},
  publisher={Morgan Kaufmann}
}


@INPROCEEDINGS{DefectPredictionWork1,
	author={N. {Fenton} and M. {Neil} and W. {Marsh} and P. {Hearty} and L. {Radlinski} and P. {Krause}},
	booktitle={Third International Workshop on Predictor Models in Software Engineering (PROMISE'07: ICSE Workshops 2007)},
	title={Project Data Incorporating Qualitative Factors for Improved Software Defect Prediction},
	year={2007},
	volume={},
	number={},
	pages={2-2},
	keywords={program testing;software defect prediction;software development project;consumer electronics industry;Software quality;Project management;Costs;Predictive models;Bayesian methods;Testing;Quality management;Computer industry;Uncertainty;Computer science},
	doi={10.1109/PROMISE.2007.11},
	ISSN={},
	month={5},}

@INPROCEEDINGS{DefectPredictionWork2,
	author={T. {Menzies} and J. S. {Di Stefano}},
	booktitle={Eighth IEEE International Symposium on High Assurance Systems Engineering, 2004. Proceedings.},
	title={How good is your blind spot sampling policy},
	year={2004},
	volume={},
	number={},
	pages={129-138},
	keywords={program verification;sampling methods;formal specification;software metrics;blind spot sampling;software assessment;defect detectors;formal specification;black box probing;automatic formal methods;public domain defect data;Sampling methods;Costs;Mission critical systems;Detectors;Project management;NASA;Aerospace engineering;Systems engineering and theory;Proposals;Computer science},
	doi={10.1109/HASE.2004.1281737},
	ISSN={1530-2059},
	month={3},}

@inproceedings{DefectPredictionWork3,
	title={Assessing predictors of software defects},
	author={Menzies, Tim and DiStefano, Justin and Orrego, Andres and Chapman, R},
	booktitle={Proc. Workshop Predictive Software Models},
	year={2004}
}

@article{DefectPredictionWork4,
	author = {Koru, A. G\"{u}nes and Liu, Hongfang},
	title = {An Investigation of the Effect of Module Size on Defect Prediction Using Static Measures},
	journal = {SIGSOFT Softw. Eng. Notes},
	issue_date = {July 2005},
	volume = {30},
	number = {4},
	month = 5,
	year = {2005},
	issn = {0163-5948},
	pages = {1--5},
	numpages = {5},
	url = {http://doi.acm.org/10.1145/1082983.1083172},
	doi = {10.1145/1082983.1083172},
	acmid = {1083172},
	publisher = {ACM},
	address = {New York, NY, USA},
	keywords = {defect prediction, prediction models, software metrics, software quality management, static measures},
} 

@article{DefectPredictionWork5,
	title={A hybrid approach to analyze empirical software engineering data and its application to predict module fault-proneness in maintenance},
	author={Morasca, Sandro and Ruhe, Gunther},
	journal={Journal of Systems and Software},
	volume={53},
	number={3},
	pages={225--237},
	year={2000},
	publisher={Elsevier}
}


@misc{aliEMSE2020,
	doi = {10.5281/ZENODO.3715485},
	url = {https://doi.org/10.5281/zenodo.3715485},
	author = {Bangash,  Abdul Ali},
	title = {AbdulAli/replication-kit-emse-2020-benchmark: First Release},
	publisher = {Zenodo},
	year = {2020}
}


@inproceedings{romano2006cliff,
  title={Exploring methods for evaluating group differences on the NSSE and other surveys: Are the t-test and Cohen’sd indices the most appropriate choices},
  author={Romano, Jeanine and Kromrey, Jeffrey D and Coraggio, Jesse and Skowronek, Jeff and Devine, Linda},
  booktitle={annual meeting of the Southern Association for Institutional Research},
  pages={1--51},
  year={2006},
  organization={Citeseer}
}
@inproceedings{sampling2014,
  title={An application of oversampling, undersampling, bagging and boosting in handling imbalanced datasets},
  author={Yap, Bee Wah and Rani, Khatijahhusna Abd and Rahman, Hezlin Aryani Abd and Fong, Simon and Khairudin, Zuraida and Abdullah, Nik Nik},
  booktitle={Proceedings of the first international conference on advanced data and information engineering (DaEng-2013)},
  pages={13--22},
  year={2014},
  organization={Springer}
}

@article{da2009kernel,
  title={Kernel methods for tree structured data},
  author={Da San Martino, Giovanni},
  year={2009},
  publisher={alma}
}


%%IRJIT

%Entries

@Inproceedings{pydriller,
  title={{Pydriller: Python Framework for Mining Software Repositories}},
  author={Spadini, Davide and Aniche, Maur{\'\i}cio and Bacchelli, Alberto},
  booktitle={Proceedings of the 2018 26th ACM Joint meeting on european software engineering conference and symposium on the foundations of software engineering},
  pages={908--911},
  year={2018}
}


@inproceedings{jitfine,
  title={{The Best of Both Worlds: Integrating Semantic Features with Expert Features for Defect Prediction and Localization}},
  author={Ni, Chao and Wang, Wei and Yang, Kaiwen and Xia, Xin and Liu, Kui and Lo, David},
  booktitle={Proceedings of the 30th ACM Joint European Software Engineering Conference and Symposium on the Foundations of Software Engineering},
  pages={672--683},
  year={2022}
}

@Article{cabral2023investigation,
  title={{An Investigation of Online and Offline Learning Models for Online Just-in-Time Software Defect Prediction}},
  author={Cabral, George G and Minku, Leandro L and Oliveira, Adriano LI and Pessoa, Dinaldo A and Tabassum, Sadia},
  journal={Empirical Software Engineering},
  volume={28},
  number={5},
  pages={1--35},
  year={2023},
  publisher={Springer}
}

@Article{da2016framework,
  title={{A Framework for Evaluating the Results of the SZZ Approach for Identifying Bug-Introducing Changes}},
  author={Da Costa, Daniel Alencar and McIntosh, Shane and Shang, Weiyi and Kulesza, Uir{\'a} and Coelho, Roberta and Hassan, Ahmed E},
  journal={IEEE Transactions on Software Engineering},
  volume={43},
  number={7},
  pages={641--657},
  year={2016},
  publisher={IEEE}
}

@Article{rodriguez2018reproducibility,
  title={{Reproducibility and Credibility in Empirical Software Engineering: A Case Study Based on a Systematic Literature Review of the Use of the SZZ Algorithm}},
  author={Rodr{\'\i}guez-P{\'e}rez, Gema and Robles, Gregorio and Gonz{\'a}lez-Barahona, Jes{\'u}s M},
  journal={Information and Software Technology},
  volume={99},
  pages={164--176},
  year={2018},
  publisher={Elsevier}
}
@Inproceedings{wu2020deltagrad,
  title={{Deltagrad: Rapid Retraining of Machine Learning Models}},
  author={Wu, Yinjun and Dobriban, Edgar and Davidson, Susan},
  booktitle={International Conference on Machine Learning},
  pages={10355--10366},
  year={2020},
  organization={PMLR}
}

@Inproceedings{ribeiro2016should,
  title={``{Why Should I Trust You?" Explaining the Predictions of Any Classifier}},
  author={Ribeiro, Marco Tulio and Singh, Sameer and Guestrin, Carlos},
  booktitle={Proceedings of the 22nd ACM SIGKDD international conference on knowledge discovery and data mining},
  pages={1135--1144},
  year={2016}
}

@Inproceedings{manysstubs,
  title={{How Often Do Single-Statement Bugs Occur? The ManySStubs4j Dataset}},
  author={Karampatsis, Rafael-Michael and Sutton, Charles},
  booktitle={Proceedings of the 17th International Conference on Mining Software Repositories},
  pages={573--577},
  year={2020}
}


@Inproceedings{ray2016,
	title={{On the ``Naturalness" of Buggy Code}},
	author={Ray, Baishakhi and Hellendoorn, Vincent and Godhane, Saheel and Tu, Zhaopeng and Bacchelli, Alberto and Devanbu, Premkumar},
	booktitle={2016 IEEE/ACM 38th International Conference on Software Engineering (ICSE)},
	pages={428--439},
	year={2016},
	organization={IEEE}
}

@Inproceedings{campbell2014syntax,
	title={{Syntax Errors Just aren't Natural: Improving Error Reporting with Language Models}},
	author={Campbell, Joshua Charles and Hindle, Abram and Amaral, Jos{\'e} Nelson},
	booktitle={Proceedings of the 11th Working Conference on Mining Software Repositories},
	pages={252--261},
	year={2014}
}

@Inproceedings{santos2018syntax,
	title={{Syntax and Sensibility: Using Language Models to Detect and Correct Syntax Errors}},
	author={Santos, Eddie Antonio and Campbell, Joshua Charles and Patel, Dhvani and Hindle, Abram and Amaral, Jos{\'e} Nelson},
	booktitle={2018 IEEE 25th International Conference on Software Analysis, Evolution and Reengineering (SANER)},
	pages={311--322},
	year={2018},
	organization={IEEE}
}


@Inproceedings{rahman2018improving,
  title={{Improving IR-based Bug Localization With Context-Aware Query Reformulation}},
  author={Rahman, Mohammad Masudur and Roy, Chanchal K},
  booktitle={Proceedings of the 2018 26th ACM joint meeting on European software engineering conference and symposium on the foundations of software engineering},
  pages={621--632},
  year={2018}
}


@Article{sourcerer2009,
  title={{Sourcerer: Mining and Searching Internet-Scale Software Repositories}},
  author={Linstead, Erik and Bajracharya, Sushil and Ngo, Trung and Rigor, Paul and Lopes, Cristina and Baldi, Pierre},
  journal={Data Mining and Knowledge Discovery},
  volume={18},
  number={2},
  pages={300--336},
  year={2009},
  publisher={Springer}
}


@Inproceedings{lancer,
	title={{Lancer: Your Code Tell Me What you Need}},
	author={Zhou, Shufan and Shen, Beijun and Zhong, Hao},
	booktitle={2019 34th IEEE/ACM International Conference on Automated Software Engineering (ASE)},
	pages={1202--1205},
	year={2019},
	organization={IEEE}
}

@Inproceedings{facoy,
	title={{FaCoY: A Code-to-Code Search Engine}},
	author={Kim, Kisub and Kim, Dongsun and Bissyand{\'e}, Tegawend{\'e} F and Choi, Eunjong and Li, Li and Klein, Jacques and Traon, Yves Le},
	booktitle={Proceedings of the 40th International Conference on Software Engineering},
	pages={946--957},
	year={2018}
}

@Article{aroma,
	title={{Aroma: Code Recommendation via Structural Code Search}},
	author={Luan, Sifei and Yang, Di and Barnaby, Celeste and Sen, Koushik and Chandra, Satish},
	journal={Proceedings of the ACM on Programming Languages},
	volume={3},
	number={OOPSLA},
	pages={1--28},
	year={2019},
	publisher={ACM New York, NY, USA}
}

@Article{deepbugs,
	title={{DeepBugs: A Learning Approach to Name-based Bug Detection}},
	author={Pradel, Michael and Sen, Koushik},
	journal={Proceedings of the ACM on Programming Languages},
	volume={2},
	number={OOPSLA},
	pages={1--25},
	year={2018},
	publisher={ACM New York, NY, USA}
}


@Inproceedings{commitguru,
	title={{Commit Guru: Analytics and Risk Prediction of Software Commits}},
	author={Rosen, Christoffer and Grawi, Ben and Shihab, Emad},
	booktitle={Proceedings of the 2015 10th Joint Meeting on Foundations of Software Engineering},
	pages={966--969},
	year={2015}
}

@Inproceedings{clever,
	title={{CLEVER: Combining Code Metrics with Clone Detection for Just-In-Time Fault Prevention and Resolution in Large Industrial Projects}},
	author={Nayrolles, Mathieu and Hamou-Lhadj, Abdelwahab},
	booktitle={Proceedings of the 15th International Conference on Mining Software Repositories},
	pages={153--164},
	year={2018}
}

@Article{buggyorclean,
	title={{Classifying Software Changes: Clean or Buggy?}},
	author={Kim, Sunghun and Whitehead, E James and Zhang, Yi},
	journal={IEEE Transactions on Software Engineering},
	volume={34},
	number={2},
	pages={181--196},
	year={2008},
	publisher={IEEE}
}


@Article{bangash2020time,
  title={{On the Time-based Conclusion Stability of Cross-Project Defect Prediction Models}},
  author={Bangash, Abdul Ali and Sahar, Hareem and Hindle, Abram and Ali, Karim},
  journal={Empirical Software Engineering},
  volume={25},
  number={6},
  pages={5047--5083},
  year={2020},
  publisher={Springer}
}

@Article{wang2018systematic,
  title={{A Systematic Study of Online Class Imbalance Learning with Concept Drift}},
  author={Wang, Shuo and Minku, Leandro L and Yao, Xin},
  journal={IEEE transactions on neural networks and learning systems},
  volume={29},
  number={10},
  pages={4802--4821},
  year={2018},
  publisher={IEEE}
}

@Article{gracia2009learning,
  title={{Learning from Imbalanced Data}},
  author={He, Haibo and Garcia, Edwardo A},
  journal={IEEE Transactions on knowledge and data engineering},
  volume={21},
  number={9},
  pages={1263--1284},
  year={2009},
  publisher={Ieee}
}

      
@Article{chawla2002smote,
  title={{SMOTE: Synthetic Minority Over-Sampling Technique}},
  author={Chawla, Nitesh V and Bowyer, Kevin W and Hall, Lawrence O and Kegelmeyer, W Philip},
  journal={Journal of artificial intelligence research},
  volume={16},
  pages={321--357},
  year={2002}
}

@Inproceedings{cabral2019class,
  title={{Class Imbalance Evolution and Verification Latency in Just-In-Time Software Defect Prediction}},
  author={Cabral, George G and Minku, Leandro L and Shihab, Emad and Mujahid, Suhaib},
  booktitle={2019 IEEE/ACM 41st International Conference on Software Engineering (ICSE)},
  pages={666--676},
  year={2019},
  organization={IEEE}
}

@Inproceedings{tabassum2020investigation,
  title={{An Investigation of Cross-Project Learning in Online Just-In-Time Software Defect Prediction}},
  author={Tabassum, Sadia and Minku, Leandro L and Feng, Danyi and Cabral, George G and Song, Liyan},
  booktitle={2020 IEEE/ACM 42nd International Conference on Software Engineering (ICSE)},
  pages={554--565},
  year={2020},
  organization={IEEE}
}



@Article{wan2018perceptions,
  title={{Perceptions, Expectations, and Challenges in Defect Prediction}},
  author={Wan, Zhiyuan and Xia, Xin and Hassan, Ahmed E and Lo, David and Yin, Jianwei and Yang, Xiaohu},
  journal={IEEE Transactions on Software Engineering},
  volume={46},
  number={11},
  pages={1241--1266},
  year={2018},
  publisher={IEEE}
}

@article{wattanakriengkrai,
  title={{Predicting Defective Lines using a Model-Agnostic Technique}},
  author={Wattanakriengkrai, Supatsara and Thongtanunam, Patanamon and Tantithamthavorn, Chakkrit and Hata, Hideaki and Matsumoto, Kenichi},
  journal={IEEE Transactions on Software Engineering},
  volume={48},
  number={5},
  pages={1480--1496},
  year={2020},
  publisher={IEEE}
}

       
@Article{salton1978term,
  title={{Term Relevance Weights in Online Information Retrieval}},
  author={Salton, Gerard and Waldstein, Robert Kenneth},
  journal={Information Processing \& Management},
  volume={14},
  number={1},
  pages={29--35},
  year={1978},
  publisher={Elsevier}
}

@Inproceedings{dam2018explainable,
  title={{Explainable Software Analytics}},
  author={Dam, Hoa Khanh and Tran, Truyen and Ghose, Aditya},
  booktitle={Proceedings of the 40th International Conference on Software Engineering: New Ideas and Emerging Results},
  pages={53--56},
  year={2018}
}



@Inproceedings{hoang2020cc2vec,
  title={{CC2Vec: Distributed Representations of Code Changes}},
  author={Hoang, Thong and Kang, Hong Jin and Lo, David and Lawall, Julia},
  booktitle={Proceedings of the ACM/IEEE 42nd International Conference on Software Engineering},
  pages={518--529},
  year={2020}
}

@Inproceedings{hoang2019deepjit,
  title={{DeepJIT: An End-to-End Deep Learning Framework for Just-In-Time  Defect Prediction}},
  author={Hoang, Thong and Dam, Hoa Khanh and Kamei, Yasutaka and Lo, David and Ubayashi, Naoyasu},
  booktitle={2019 IEEE/ACM 16th International Conference on Mining Software Repositories (MSR)},
  pages={34--45},
  year={2019},
  organization={IEEE}
}


@Inproceedings{pornprasit2021jitline,
  title={{JITLine: A Simpler, Better, Faster, Finer-Grained Just-In-Time Defect Prediction}},
  author={Pornprasit, Chanathip and Tantithamthavorn, Chakkrit Kla},
  booktitle={2021 IEEE/ACM 18th International Conference on Mining Software Repositories (MSR)},
  pages={369--379},
  year={2021},
  organization={IEEE}
}




@Article{mockus2000predicting,
  title={{Predicting Risk of Software Changes}},
  author={Mockus, Audris and Weiss, David M},
  journal={Bell Labs Technical Journal},
  volume={5},
  number={2},
  pages={169--180},
  year={2000},
  publisher={Wiley Online Library}
}

@Article{planning2002economic,
  title={{The Economic Impacts of Inadequate Infrastructure for Software Testing}},
  author={Planning, Strategic},
  journal={National Institute of Standards and Technology},
  year={2002}
}



@Article{hindle2012,
	title={{On the Naturalness of Software}},
	author={Hindle, Abram and Barr, Earl T and Su, Zhendong and Gabel, Mark and Devanbu, Premkumar},
	booktitle={2012 34th International Conference on Software Engineering (ICSE)},
	pages={837--847},
	year={2012},
	organization={IEEE}
}


@online{gerrit, 
       title={Gerrit Review Database}, 
       howpublished = {\url{https://www.gerritcodereview.com/}},
       note = {Last accessed: October 30, 2023}
       }


@misc{BM25, 
       author={Stephen E. Robertson, Karen Spärck Jones},
       title={Okapi {BM25} algorithm}, 
       howpublished = {\url{https://en.wikipedia.org/wiki/Okapi_BM25}},
       note = {Last accessed: October 30, 2023}
       }







@misc{MLT, 
      author={Elasticsearch},
       title={More Like this}, 
       howpublished = {\url{https://www.elastic.co/guide/en/elasticsearch/reference/current/query-dsl-mlt-query.html}},
       note = {Last accessed: October 30, 2023}
       }


       
@misc{lucene, 
       author={Apache},
       title={Apache Lucene Library},
       howpublished = {\url{https://lucene.apache.org/core/}},
       year = {1999}
    }
       
@Article{campbell2016unreasonable,
  title={{The Unreasonable Effectiveness of Traditional Information Retrieval in Crash Report Deduplication}},
  author={Campbell, Joshua Charles and Santos, Eddie Antonio and Hindle, Abram},
  booktitle={2016 IEEE/ACM 13th Working Conference on Mining Software Repositories (MSR)},
  pages={269--280},
  year={2016},
  organization={IEEE}
}

@inproceedings{bugmemories,
  title={{Memories of Bug Fixes}},
  author={Kim, Sunghun and Pan, Kai and Whitehead Jr, EE James},
  booktitle={Proceedings of the 14th ACM SIGSOFT international symposium on Foundations of software engineering},
  pages={35--45},
  year={2006}
}

@Article{test,
	  title={{Toward Understanding the Rhetoric of Small Source Code Changes}},
	  author={Purushothaman, Ranjith and Perry, Dewayne E},
	  journal={IEEE Transactions on Software Engineering},
	  volume={31},
	  number={6},
	  pages={511--526},
	  year={2005},
	  publisher={IEEE}
}
@misc{pattern, 
       author={Elasticsearch},
       title={Pattern Analyzer}, 
       howpublished = {\url{https://www.elastic.co/guide/en/elasticsearch/reference/current/analysis-pattern-analyzer.html}},
       note = {Last accessed: October 30, 2023}
       }
      
@misc{whitespace, 
      author={Elasticsearch},
       title={Whitespace Tokenizer}, 
       howpublished = {\url{https://www.elastic.co/guide/en/elasticsearch/reference/current/analysis-whitespace-tokenizer.html}},
       note = {Last accessed: October 30, 2023}
}

@Article{ISSTA2021,
  title={{Deep Just-In-Time Defect Prediction: How Far are We?}},
  author={Zeng, Zhengran and Zhang, Yuqun and Zhang, Haotian and Zhang, Lingming},
  booktitle={Proceedings of the 30th ACM SIGSOFT International Symposium on Software Testing and Analysis},
  pages={427--438},
  year={2021}
}

@Article{yan2020JIT,
	title={{Just-In-Time Defect Identification and Localization: A Two-Phase Framework}},
	author={Yan, Meng and Xia, Xin and Fan, Yuanrui and Hassan, Ahmed E and Lo, David and Li, Shanping},
	journal={IEEE Transactions on Software Engineering},
	year={2020},
	publisher={IEEE}
}

@Article{szz2005,
	title={{When Do Changes Induce Fixes?}},
	author={{\'S}liwerski, Jacek and Zimmermann, Thomas and Zeller, Andreas},
	journal={ACM sigsoft software engineering notes},
	volume={30},
	number={4},
	pages={1--5},
	year={2005},
	publisher={ACM New York, NY, USA}
}

@inproceedings{szz2006,
  title={{Automatic Identification of Bug-Introducing Changes}},
  author={Kim, Sunghun and Zimmermann, Thomas and Pan, Kai and James Jr, E and others},
  booktitle={21st IEEE/ACM international conference on automated software engineering (ASE'06)},
  pages={81--90},
  year={2006},
  organization={IEEE}
}


@misc{explainapi, 
    author = {Elasticsearch},
    title = {Explain API}, 
    howpublished = {\url{https://www.elastic.co/guide/en/elasticsearch/reference/current/search-explain.html}},
    note = {Last accessed: October 30, 2023}

}

%@misc{aliEMSE2020,
%	doi = {10.5281/ZENODO.3715485},
%	url = {https://doi.org/10.5281/zenodo.3715485},
%	author = {Bangash,  Abdul Ali},
%	title = {AbdulAli/replication-kit-emse-2020-benchmark: First Release},
%	publisher = {Zenodo},
%	year = {2020}
%}

%@misc{explainapi, 
%      author={Elasticsearch},
%      title={Explain API}, 
%      howpublished = {\url{https://www.elastic.co/guide/en/elasticsearch/reference/current/search-explain.html}},
%      lastaccessed={October 30, 2023},
%      }
